@book{AlsNielson_McMorrow2011,
   title = "{Elements of Modern X-ray Physics, 2nd Edition}",
   author = {J.~Als-Nielsen and  D.~McMorrow},
   publisher = {John Wiley \& Sons},
   url = {https://dx.doi.org/10.1002/9781119998365},
   year = 2011,
}

@book{Knoll2010,
   title = "{Radiation Detection and Measurement, 4th Edition}",
   author = {G.~.F.~Knoll},
   publisher = {John Wiley \& Sons},
   url = {https://dx.doi.org/10.1002/9780470131480},
   year = 2010,
}

@article{Elam_Ravel_Sieber,
Author = {Elam, W. T. and Ravel, B. D. and Sieber, J. R.},
Title = {A new atomic database for X-ray spectroscopic calculations},
Journal = {Radiation Physics and Chemistry},
Year = 2002,
Volume = 63,
Number = 2,
Pages = {121--128},
Month = FEB,
url = {https://dx.doi.org/10.1016/S0969-806X(01)00227-4},
}


@article{Keski_Krause,
author  = {Keski-Rahkonen, O. and Krause, M. O.},
title   = {Total and partial atomic-level widths},
journal = {Atomic Data and Nuclear Data Tables},
year    = 1974,
volume  = "14",
number  = "2",
pages   = {139--146},
url = {https://dx.doi.org/10.1016/S0092-640X(74)80020-3}
}

@article{Krause_Oliver,
author  = {Krause, M. O. and Oliver, J. H.},
title   = "Natural widths of atomic K and L levels, Ka X-ray lines and several KLL Auger lines",
journal = {Journal of Physical and Chemical Reference Data},
year    = 1979,
volume  = "8",
pages   = {329},
url = {https://dx.doi.org/10.1063/1.555595}
}


@article{Waasmaier_Kirfel,
author = {Waasmaier, D. and Kirfel, A.},
title = {New Analytical Scattering Factor Functions for Free Atoms and Ions},
journal = {Acta Crystallographica A},
volume = "51",
pages = {416--431},
year = 1995,
url = {https://dx.doi.org/10.1107/S0108767394013292}
}

@article{Chantler,
Author = {Chantler, C.~T.},
Title = {{Detailed tabulation of atomic form factors, photoelectric absorption and
   scattering cross section, and mass attenuation coefficients in the
   vicinity of absorption edges in the soft X-ray (Z=30-36, Z=60-89, E=0.1
   keV-10 keV), addressing convergence issues of earlier work}},
Journal = {Journal of Physical and Chemical Reference Data},
Year = 2000,
Volume = 29,
Number = 4,
Pages = {597--1048},
Month = {{JUL-AUG}},
url = {https://dx.doi.org/10.1063/1.1321055}
}


@Misc{sqlite,
  author = {Hipp, D. R.},
  title = {SQLite},
  url = {https://www.sqlite.org.},
  year = 2012}
